<?xml version="1.0" encoding="UTF-8"?><collection xmlns="http://www.loc.gov/MARC21/slim"><record><leader>00595nam--2200193-u-4500</leader><controlfield tag="001">000055040</controlfield><controlfield tag="002">20161230</controlfield><controlfield tag="005">20161230201051</controlfield><controlfield tag="008">121025s1000------------r-----000-0-ger-d</controlfield><datafield ind1=" " ind2=" " tag="040"><subfield code="a">IFIN-HH</subfield></datafield><datafield ind1=" " ind2=" " tag="041"><subfield code="a">ger</subfield></datafield><datafield ind1=" " ind2=" " tag="080"><subfield code="a">539.2(061.3):62(061.3)</subfield></datafield><datafield ind1="1" ind2=" " tag="110"><subfield code="a">Akademie Des Wissenschaften Der Ddr</subfield></datafield><datafield ind1="1" ind2="0" tag="245"><subfield code="a">Kolloquien zu ehren des 30. jahrestages der befreiung</subfield><subfield code="b">Vortrage im zfw gehalten am 7.5.1975 und 8.4.1975</subfield></datafield><datafield ind1=" " ind2=" " tag="260"><subfield code="a">Dresden</subfield><subfield code="b">Akademie Des Wissenschaften</subfield><subfield code="c">1975</subfield></datafield><datafield ind1=" " ind2=" " tag="300"><subfield code="a">110P</subfield></datafield><datafield ind1=" " ind2=" " tag="490"><subfield code="a">Wissenschaftliche Berichte</subfield></datafield><datafield ind1=" " ind2=" " tag="852"><subfield code="a">43508</subfield><subfield code="c">539.2</subfield></datafield><datafield ind1=" " ind2=" " tag="CAT"><subfield code="a">Sys</subfield><subfield code="c">20121025</subfield><subfield code="h">123320</subfield></datafield></record></collection>